<?xml version="1.0" encoding="UTF-8"?><collection xmlns="http://www.loc.gov/MARC21/slim"><record><leader>00447nam--2200157-i-4500</leader><controlfield tag="001">000009162</controlfield><controlfield tag="002">20161230</controlfield><controlfield tag="005">20170127203730</controlfield><controlfield tag="008">060222s1000------------r-----000-0-eng-d</controlfield><datafield ind1=" " ind2=" " tag="080"><subfield code="a">539.2</subfield></datafield><datafield ind1=" " ind2=" " tag="100"><subfield code="a">Blasser, Reinhard</subfield></datafield><datafield ind1=" " ind2=" " tag="245"><subfield code="a">Undersuchung des mechanismus der oberflachenre kombination an der phasengerenze germanium-ele ktrolyt</subfield></datafield><datafield ind1=" " ind2=" " tag="260"><subfield code="a">Berlin</subfield><subfield code="b">Universitat</subfield><subfield code="c">1969</subfield></datafield><datafield ind1=" " ind2=" " tag="300"><subfield code="a">100 p</subfield></datafield><datafield ind1=" " ind2=" " tag="852"><subfield code="a">32030</subfield></datafield><datafield ind1=" " ind2=" " tag="CAT"><subfield code="a">SYS</subfield><subfield code="c">20170127</subfield><subfield code="h">203730</subfield></datafield></record></collection>